=LDR  06338cas a2201393 a 4500
=001  012432698
=003  Uk
=005  20230426110814.0
=006  m\\\\\\\\d\\\\\\\\
=007  cr\|||||||||||
=008  980407c19779999xxuqx\pss\\\\\0\\\a0eng\d
=010  \\$a  2007233734
=015  \\$aGBB409352$2bnb
=019  c\$a102060859
=022  0\$a1467-7709$l0145-2096$202
=035  \\$a(OCoLC)38911417
=037  \\$adh$bOxford University Press
=037  3\$aISSN_01452096_4$bPortico$nOxford University Press
=040  \\$aOCoLC$cOCoLC$dOCoLC$dOCoLC$dOCoLC$dGU$dUk
=042  \\$aukblsr$aissnuk
=043  \\$an-us---
=050  14$aE183.7
=082  04$a973.92$223
=130  0\$aDiplomatic history (Online)
=210  0\$aDipl. hist.$b(Online)
=222  \0$aDiplomatic history$b(Online)
=245  10$aDiplomatic history$h[electronic resource].
=260  \\$aMalden, MA :$bBlackwell Publishers
=264  21$aChichester :$bJohn Wiley & Sons, Ltd
=264  31$32013-$a[United States] :$bOxford University Press
=310  \\$aFive issues a year,$b2003-
=321  \\$aQuarterly,$b-2002
=336  \\$atext$2rdacontent
=337  \\$acomputer$2rdamedia
=338  \\$aonline resource$2rdacarrier
=362  1\$aPrint began in 1977.
=500  \\$aDescription based on: Vol. 21, no. 1 (winter 1997); title from contents screen (Blackwelll Synergy, viewed Oct. 1, 2007).
=500  \\$aLatest issue consulted: volume 38, number 1 (January 2014) (Oxford Journals, viewed January 23, 2014).
=538  \\$aMode of access: World Wide Web.
=540  \\$aCurrent Copyright Fee: GBP33.00$c29\0$5Uk
=550  \\$aThe journal of record of the Society for Historians of American Foreign Relations.
=651  \0$aUnited States$xForeign relations$vPeriodicals.
=710  2\$aSociety for Historians of American Foreign Relations.
=776  08$iAlso issued in print as:$tDiplomatic history$x0145-2096
=852  41$aBritish Library$bHMNTS$jELD Digital store$3Volume 38:Issue 1(2014)-***Previous issues available in print copy
=852  41$aBritish Library$bDSC$j3589.355000$3Volume 21:Issue 4(1997)-Volume 46:Issue 2(2022)***See ESTAR for full holdings.
=856  \\$31850-9999$uhttp://ukcatalogue.oup.com/$xBLDSS
=856  4\$uhttp://firstsearch.oclc.org$zAddress for accessing the journal using authorization number and password through OCLC FirstSearch Electronic Collections Online
=856  4\$uhttp://firstsearch.oclc.org/journal=0145-2096;screen=info;ECOIP$zAddress for accessing the journal from an authorized IP address through OCLC FirstSearch Electronic Collections Online
=856  40$uhttp://dh.oxfordjournals.org/
=856  40$uhttp://onlinelibrary.wiley.com/journal/10.1111/(ISSN)1467-7709
=856  40$uhttp://www.blackwell-synergy.com/loi/diph
=859  \\$aELD$bejournal
=859  \\$aXLD$bejournal$cSFX
=945  \\$aDIPLOMATIC HISTORY -WILMINGTON DE-.
=959  \\$aBritish Library$bDSC$j3589.355000
=959  \\$fCurrently received
=963  \\$aVOL. 1, 1977- *A=1$bY$cP666.C.96
=979  \\$aBritish Library$bDSC$j3589.355000
=985  \\$aCorrected by MS generated file for WR# 12.018
=A02  \\$a102060859
=ACF  \\$aPrevious copyright fee: GBP16.00$c10\0$e01-jan-2006$fGBP16.00$g0$hP$5Uk
=ACF  \\$aPrevious copyright fee: GBP15.00$c10\0$e01-apr-2004$fGBP15.00$g0$hP$5Uk
=ACF  \\$aCurrent copyright fee: GBP13.00$c10\0$e01-apr-2003$fGBP13.00$g0$hP$5Uk
=ACF  \\$aCurrent copyright fee: GBP13.00$c10\6$e01-apr-2002$fGBP13.00$g0$hP$5Uk
=ACF  \\$aPrevious copyright fee: GBP22.00$c10\0$e01-jan-2011$fGBP22.00$g0$hP$5Uk
=ACF  \\$aPrevious copyright fee: GBP17.00$c10\0$e01-jan-2009$fGBP17.00$g0$hP$5Uk
=ACF  \\$aPrevious copyright fee: GBP20.00$c29\0$e21-mar-2013$fGBP20.00$g0$hP$5Uk
=ACF  \\$aPrevious copyright fee: GBP23.00$c29\0$e01-jan-2015$fGBP23.00$g0$hP$5Uk
=ACF  \\$aPrevious copyright fee: GBP24.00$c29\0$e01-jan-2016$fGBP24.00$g0$hP$5Uk
=ACF  \\$aPrevious copyright fee: GBP26.00$c29\0$e01-jan-2017$fGBP26.00$g0$hP$5Uk
=ACF  \\$aPrevious copyright fee: GBP27.00$c29\0$e01-jan-2018$fGBP27.00$g0$hP$5Uk
=ACF  \\$aPrevious copyright fee: GBP28.00$c29\0$e01-jan-2019$fGBP28.00$g0$hP$5Uk
=ACF  \\$aPrevious Copyright Fee: GBP20.00$c29\0$e01-jan-2020$fGBP20.00$g0$hP$5Uk
=CAT  \\$aCONV$b00$c20040425$lBLL90$h0712
=CAT  \\$aBATCH-UPD$b00$c20160524$lBLL01$h2209
=CAT  \\$aBATCH-UPD$b00$c20160525$lBLL01$h0012
=CAT  \\$aBATCH-UPD$b00$c20161122$lBLL01$h1520
=CAT  \\$aIPL-CLA$c20161230$lBLL01$h2113
=CAT  \\$a10806$b40$c20170904$lBLL01$h1346
=CAT  \\$aBATCH-UPD$b40$c20171121$lBLL01$h1703
=CAT  \\$aW1711-1005$c20171206$lBLL01$h1815
=CAT  \\$aIPL-CLA$c20171231$lBLL01$h1623
=CAT  \\$aBATCH-UPD$b00$c20181217$lBLL01$h1651
=CAT  \\$aIPL-CLA$c20181231$lBLL01$h1539
=CAT  \\$aW1910-0530$c20191007$lBLL01$h1114
=CAT  \\$aR1911-1518$c20191206$lBLL01$h1419
=CAT  \\$aIPL-CLA$c20191231$lBLL01$h1922
=CAT  \\$aBATCH-UPD$b00$c20220308$lBLL01$h1734
=CAT  \\$aIPL-CLA$c20220331$lBLL01$h1951
=CAT  \\$a12654$b40$c20221213$lBLL01$h1402
=CAT  \\$a10806$b40$c20221222$lBLL01$h1018
=CAT  \\$aS2302-1302$c20230322$lBLL01$h1707
=CAT  \\$aS2302-1302$c20230322$lBLL01$h1708
=CAT  \\$aS2302-1302$c20230323$lBLL01$h1443
=CAT  \\$aIPL-CLA$c20230331$lBLL01$h1546
=CAT  \\$aS2304-0519$c20230412$lBLL01$h1139
=CAT  \\$a5410$b40$c20230415$lBLL01$h0949
=CAT  \\$a5410$b40$c20230426$lBLL01$h1055
=CAT  \\$aBATCH-SUPP$c20230426$lBLL01$h1108
=CFI  0\$aCurrent Copyright Fee: GBP33.00$c29\0$e01-apr-2023$fGBP33.00$g0$hP$5Uk
=CFI  2\$aPrevious copyright fee: GBP22.00$c29\0$e01-apr-2022$fGBP22.00$g0$hP$5Uk
=EST  \\$a1
=FFP  \\$aY$bBLDSS-3PM
=FIN  \\$aY
=FMT  \\$a  SE
=LAS  \\$aBATCH-SUPP$b00$c20230426$lBLL01$h1108
=LEO  \\$aMP10.0000629968
=LEO  \\$aMP22.0000062026
=LET  \0$aDiplomatic history (Electronic)
=LKR  \\$aPAR$b007168967$lBLL01$nDiplomatic history (Print)$mDiplomatic history (Online)$r7760
=MNI  \\$a0145-2096
=SID  \\$aZ39$bOCLC
=SRC  \\$aDSS01$bbibmp10.200404.2.aa
=SRC  \\$aISN01$bbibmp22.200404.2.aa
=SRC  \\$aBLL02
=TCO  \\$aTRS$bCCC$c008
=TOC  \\$aETOC
=UNO  \\$aY

